@misc{devoto2013twelve,
  title={Twelve-Tone Technique: A Primer},
  year={2013},
  month={Sept.},
  author={DeVoto, Mark},
  howpublished={\url{http://www.tufts.edu/~mdevoto/12TonePrimer.pdf}}
}

@misc{appleby2013accidentals,
  title={Accidentals},
  year={2013},
  month={Sept.},
  author={Appleby, Amy},
  howpublished={\url{http://www.music-mind.com/Music/mpage4.HTM}}
}

