@misc{devoto2013twelve,
  title={Twelve-Tone Technique: A Primer},
  year={2013},
  month={Sept.},
  author={DeVoto, Mark},
  howpublished={\url{http://www.tufts.edu/~mdevoto/12TonePrimer.pdf}}
}

@misc{appleby2013accidentals,
  title={Accidentals},
  year={2013},
  month={Sept.},
  author={Appleby, Amy},
  howpublished={\url{http://www.music-mind.com/Music/mpage4.HTM}}
}

@misc{csv2midi,
	title={CSV2MIDI},
	year={2003},
	month={June},
	author={Steffes, Stephen},
	howpublished={\url{https://code.google.com/p/midilc/source/browse/trunk/CSV2MIDI/CSV2MIDI.java}}
}

@misc{webern,
	title={Symmetry as a Compositional Determinant},
	year={1997},
	author={Larry J. Solomon},
	howpublished={\url{solomonsmusic.net/diss7.htm#Webern}}
}
